
@inproceedings{IFAC,
author = {Collins, Pieter and Habets, Luc C.G.J.M. and van Schuppen, Jan H. and \v{C}ern\'a, Ivana and Fabrikov\'a, Jana and \v{S}afr\'anek, David},
title = {Abstraction of Biochemical Reaction Systems on Polytopes},
booktitle = {IFAC World Congress},
publisher = {IFAC},
pages = {14869-14875},
year = {2011},
}

@article{Thomas,
title = "Regulatory networks seen as asynchronous automata: A logical description ",
journal = "Journal of Theoretical Biology ",
volume = "153",
number = "1",
pages = "1 - 23",
year = "1991",
note = "",
issn = "0022-5193",
doi = "http://dx.doi.org/10.1016/S0022-5193(05)80350-9",
url = "http://www.sciencedirect.com/science/article/pii/S0022519305803509",
author = "René Thomas"
}

@incollection{spin,
  title={Distributed-memory model checking with SPIN},
  author={Lerda, Flavio and Sisto, Riccardo},
  booktitle={Theoretical and Practical Aspects of SPIN Model Checking},
  pages={22--39},
  year={1999},
  publisher={Springer}
}

@article{ieee,
 author = {Barnat, Jiri and Brim, Lubos and Krejci, Adam and Streck, Adam and Safranek, David and Vejnar, Martin and Vejpustek, Tomas},
 title = {On Parameter Synthesis by Parallel Model Checking},
 journal = {IEEE/ACM Trans. Comput. Biol. Bioinformatics},
 issue_date = {May 2012},
 volume = {9},
 number = {3},
 month = may,
 year = {2012},
 issn = {1545-5963},
 pages = {693--705},
 numpages = {13},
 url = {http://dx.doi.org/10.1109/TCBB.2011.110},
 doi = {10.1109/TCBB.2011.110},
 acmid = {2189811},
 publisher = {IEEE Computer Society Press},
 address = {Los Alamitos, CA, USA},
 keywords = {Biological networks, dynamical systems, parallel model checking, parameter synthesis, systems biology.},
} 

@book{clarke,
 author = {Clarke,Jr., Edmund M. and Grumberg, Orna and Peled, Doron A.},
 title = {Model Checking},
 year = {1999},
 isbn = {0-262-03270-8},
 publisher = {MIT Press},
 address = {Cambridge, MA, USA},
} 

@article{assumptions,
  author    = {Lubos Brim and
               Karen Yorav and
               Jitka Zidkova},
  title     = {Assumption-based distribution of {CTL} model checking},
  journal   = {{STTT}},
  volume    = {7},
  number    = {1},
  pages     = {61--73},
  year      = {2005}
}

@Article{tcbb,
  author =       "J. Barnat and L. Brim and A. Krejci and A. Streck and D. Safranek and M. Vejnar and T. Vejpustek",
  title =        "{On Parameter Synthesis by Parallel Model Checking}",
  journal =      "IEEE/ACM Transactions on Computational Biology and Bioinformatics",
  volume =       "9",
  number =       "3",
  issn =         "1545-5963",
  pages =        "693--705",
  year =         "2012",
  publisher =    "IEEE Computer Society",
}

@article{batt, 
   Author = {Batt, G. and Page, M. and Cantone, I. and G\"ossler, G. and Monteiro, P.T. and de Jong, H.},
   Title = {Efficient parameter search for qualitative models of regulatory networks using symbolic model checking},
   Journal = {Bioinformatics},
pages = {603-610},
   Volume = {26},
   Number = {18},
   Year = {2010}
}


@incollection{gilbert,
year={2008},
booktitle={CMSB},
volume={5307},
series={LNCS},
title={A Model Checking Approach to the Parameter Estimation of Biochemical Pathways},
publisher={Springer},
author={Donaldson, Robin and Gilbert, David},
pages={269-287},
}

@article{donze,
  title={Parameter synthesis in nonlinear dynamical systems: Application to systems biology},
  author={Donz{\'e}, Alexandre and Clermont, Gilles and Langmead, Christopher J},
  journal={Journal of Computational Biology},
  volume={17},
  number={3},
  pages={325--336},
  year={2010},
  publisher={Mary Ann Liebert, Inc. 140 Huguenot Street, 3rd Floor New Rochelle, NY 10801 USA}
}

@article{jha,
title = "Synthesis and infeasibility analysis for stochastic models of biochemical systems using statistical model checking and abstraction refinement ",
journal = "Theoretical Computer Science ",
volume = "412",
number = "21",
pages = "2162 - 2187",
year = "2011",
author = "Sumit Kumar Jha and Christopher James Langmead",
}

@online{github,
  author = {Github Inc.},
  title = {sybila/Distributed-CTL-Model-Checker},
  year = 2015,
  url = {https://github.com/sybila/Distributed-CTL-Model-Checker/tree/cmsb2015},
  urldate = {2015-05-13}
}

@inproceedings{biodivine,
  author    = {Jiri Barnat and
               Lubos Brim and
               Ivana Cern{\'{a}} and
               Sven Drazan and
               Jana Fabrikov{\'{a}} and
               Jan L{\'{a}}n{\'{\i}}k and
               David Safr{\'{a}}nek and
               Hongwu Ma},
  title     = {BioDiVinE: {A} Framework for Parallel Analysis of Biological Models},
  booktitle = {Proceedings Second International Workshop on Computational Models
               for Cell Processes, {COMPMOD} 2009, Eindhoven, the Netherlands, November
               3, 2009.},
  year      = {2009},
  pages     = {31--45},
  crossref  = {DBLP:journals/corr/abs-0910-1605},
  url       = {http://dx.doi.org/10.4204/EPTCS.6.3},
  doi       = {10.4204/EPTCS.6.3},
  timestamp = {Wed, 19 Nov 2014 19:21:48 +0100},
  biburl    = {http://dblp.uni-trier.de/rec/bib/journals/corr/abs-0910-0928},
  bibsource = {dblp computer science bibliography, http://dblp.org}
}

@incollection{safra,
year={1999},
isbn={978-1-4419-3179-5},
booktitle={On a Method of Multiprogramming},
series={Monographs in Computer Science},
doi={10.1007/978-1-4757-3126-2_29},
title={Shmuel Safra’s Termination Detection Algorithm},
url={http://dx.doi.org/10.1007/978-1-4757-3126-2_29},
publisher={Springer New York},
author={Feijen, W.H.J. and van Gasteren, A.J.M.},
pages={313-332},
language={English}
}

@article{parsybone,
  title={Parsybone: Parameter Synthesizer for Boolean Networks},
  author={Streck, Adam and {\v{S}}afr{\'a}nek, David and Brim, Lubo{\v{s}} and others},
  year={2012}
}


@article{bifurcation,
author = {Swat, Maciej and Kel, Alexander and Herzel, Hanspeter},
title = {{Bifurcation analysis of the regulatory modules of the mammalian G1/S transition}},
journal = {Bioinformatics},
volume = {20},
number = {10},
pages = {1506-1511},
year = {2004},
}

@inproceedings{grosu,
  author    = {Radu Grosu and
               Gr{\'{e}}gory Batt and
               Flavio H. Fenton and
               James Glimm and
               Colas Le Guernic and
               Scott A. Smolka and
               Ezio Bartocci},
  title     = {From Cardiac Cells to Genetic Regulatory Networks},
  booktitle = {CAV},
  series    = {LNCS},
   volume    = {6806},
  pages     = {396--411},
  year      = {2011},
   doi       = {10.1007/978-3-642-22110-1_31},
 }
